@article{runsewe2024machine,
  title={Machine Learning for Predicting Key Factors to Identify Misinformation in Football Transfer News},
  author={Runsewe, Ife and Latifi, Majid and Ahsan, Mominul and Haider, Julfikar},
  journal={Computers},
  volume={13},
  number={6},
  pages={127},
  year={2024},
  publisher={MDPI}
}

@article{zhou2023high,
  title={High-throughput Biomedical Relation Extraction for Semi-Structured Web Articles Empowered by Large Language Models},
  author={Zhou, Songchi and Yu, Sheng},
  journal={arXiv preprint arXiv:2312.08274},
  year={2023}
}
